@article{Lee15,
    author         = "Lee, Roman N.",
    title          = "Reducing differential equations for
                      multiloop master integrals",
    journal        = "JHEP",
    volume         = "04",
    year           = "2015",
    pages          = "108",
    doi            = "10.1007/JHEP04(2015)108",
    eprint         = "1411.0911",
    archivePrefix  = "arXiv",
    primaryClass   = "hep-ph"
}
@techreport{MMarket,
    author         = "Boisvert, Ronald F. and Pozo, Roldan and
                      Remington, Karin",
    title          = "The Matrix Market exchange formats: Initial design",
    institution    = "NISTIR",
    address        = "5935, National Institute of Standards and Technology,
                      Gaithersburg, MD, USA",
    year           = "1996",
    month          = "December",
    url            = "http://math.nist.gov/MatrixMarket/formats.html"
}
