@article{Lee15,
    author         = "Lee, Roman N.",
    title          = "Reducing differential equations for multiloop master integrals",
    journal        = "JHEP",
    volume         = "04",
    year           = "2015",
    pages          = "108",
    doi            = "10.1007/JHEP04(2015)108",
    eprint         = "1411.0911",
    archivePrefix  = "arXiv",
    primaryClass   = "hep-ph"
}

@article{Henn14,
      author         = "Henn, Johannes M.",
      title          = "{Lectures on differential equations for Feynman integrals}",
      journal        = "J. Phys.",
      volume         = "A48",
      year           = "2015",
      pages          = "153001",
      doi            = "10.1088/1751-8113/48/15/153001",
      eprint         = "1412.2296",
      archivePrefix  = "arXiv",
      primaryClass   = "hep-ph",
      SLACcitation   = "%%CITATION = ARXIV:1412.2296;%%"
}

@article{Henn13,
      author         = "Henn, Johannes M.",
      title          = "{Multiloop integrals in dimensional regularization made simple}",
      journal        = "Phys. Rev. Lett.",
      volume         = "110",
      year           = "2013",
      pages          = "251601",
      doi            = "10.1103/PhysRevLett.110.251601",
      eprint         = "1304.1806",
      archivePrefix  = "arXiv",
      primaryClass   = "hep-th",
      SLACcitation   = "%%CITATION = ARXIV:1304.1806;%%"
}

@article{BP09,
author = "Moulay A. Barkatou and Eckhard Pfl{\"u}gel",
title = "{On the Moser- and super-reduction algorithms of systems of linear differential equations and their complexity}",
journal = "Journal of Symbolic Computation ",
volume = "44",
number = "8",
pages = "1017-1036",
year = "2009",
note = "",
issn = "0747-7171",
doi = "http://dx.doi.org/10.1016/j.jsc.2009.01.002",
url = "http://www.sciencedirect.com/science/article/pii/S0747717109000388",
keywords = "Computer algebra",
keywords = "Local analysis of linear differential systems",
keywords = "Moser-reduction",
keywords = "Super-reduction",
keywords = "Singularities "
}

@book{Smi06,
  title={Feynman Integral Calculus},
  author={Smirnov, V.A.},
  isbn={9783540306108},
  lccn={2006927416},
  url={https://books.google.pl/books?id=uYW6raeFrCUC},
  year={2006},
  publisher={Springer}
}

@techreport{BPR96,
    author         = "Boisvert, Ronald F. and Pozo, Roldan and Remington, Karin",
    title          = "{The Matrix Market exchange formats: Initial design}",
    institution    = "NISTIR",
    address        = "5935, National Institute of Standards and Technology,
                      Gaithersburg, MD, USA",
    year           = "1996",
    month          = "December",
    url            = "http://math.nist.gov/MatrixMarket/formats.html"
}

@article{Mos59,
      author={Moser, JÃ¼rgen},
      title={The order of a singularity in Fuchs' theory},
      year={1959},
      issn={0025-5874},
      journal={Mathematische Zeitschrift},
      volume={72},
      number={1},
      doi={10.1007/BF01162962},
      url={http://dx.doi.org/10.1007/BF01162962},
      publisher={Springer-Verlag},
      pages={379-398},
      language={English}
}
